@article{liu2025ai,
  author    = {Yuan Liu and Rakesh Zhang and Meera Patel},
  title     = {AI-Driven Environmental Sensing},
  journal   = {Nano Energy},
  volume    = {105},
  pages     = {115292},
  year      = {2025},
}

@article{roberts2023autonomous,
  author    = {Michael Roberts and Akash Singh and Hiroshi Tanaka},
  title     = {Autonomous Systems for Oceanic Exploration},
  journal   = {Journal of Marine Technology},
  volume    = {58},
  number    = {4},
  pages     = {224--237},
  year      = {2023},
}

@article{chen2024blockchain,
  author    = {Ling Chen and Mariana Alvarez},
  title     = {Blockchain in Environmental Monitoring},
  journal   = {Environmental Systems Research},
  volume    = {12},
  pages     = {59--74},
  year      = {2024},
}

@article{kim2023auv,
  author    = {Hyun Kim and Duc Nguyen},
  title     = {Autonomous Underwater Vehicles for Environmental Monitoring: Challenges and Advances},
  journal   = {IEEE Access},
  volume    = {11},
  pages     = {12345--12360},
  year      = {2023},
}

@article{das2023coral,
  author    = {Arvind Das and Francisco Mu{\~n}oz},
  title     = {AI-Enabled Prediction of Coral Bleaching Using Ocean Temperature Profiles},
  journal   = {Remote Sensing of Environment},
  volume    = {286},
  pages     = {113350},
  year      = {2023},
}

@article{green2023alkalinity,
  author    = {Morgan S. Green and Peter Wright and Emily Zhao},
  title     = {Ocean Alkalinity Enhancement for Climate Mitigation: A Systems Engineering Perspective},
  journal   = {Journal of Marine Science and Engineering},
  volume    = {11},
  number    = {5},
  pages     = {650--670},
  year      = {2023},
}

@article{mehta2024blockchain,
  author    = {Sandeep Mehta and Navleen Kaur},
  title     = {Applications of Blockchain in Environmental Governance: A Review},
  journal   = {Environmental Management},
  volume    = {72},
  number    = {3},
  pages     = {345--361},
  year      = {2024},
}

@article{thompson2024carbon,
  author    = {Laura Thompson and Rohan Ghosh and Yuki Tan},
  title     = {Blue Carbon Credits and AI-Based Sequestration Accounting},
  journal   = {Nature Climate Solutions},
  volume    = {4},
  pages     = {102--117},
  year      = {2024},
}
